
@misc{Wikidef:URL,
    key = {Wikidef},
    title = {Microcontroller - Wikipedia},
    howpublished = {\url{http://en.wikipedia.org/wiki/Microcontroller}}
}

@misc{BlockDiagram:URL,
    key = {BlockDiagram},
    title = {Atmel corporation},
    howpublished = {\url{www.atmel.com/Images/doc8161.pdf}}
}


@misc{opcode:URL,
    key = {opcode},
    title = {Atmel, AVR Instruction Set},
    howpublished = {\url{http://www.atmel.com/images/doc0856.pdf}}
}

@misc{WashUni:URL,
    key = {WashUni},
    title = {University of Washington Computer Science & Engineering, CSE P567},
    howpublished = {\url{http://www.cs.washington.edu/education/courses/csep567/10wi/lectures/Lecture6.pdf}}
}
