@misc{ArduinoComponents,
  title = {Arduino Uno},
  howpublished = {\url{http://docs-asia.electrocomponents.com/webdocs/0e8b/0900766b80e8ba21.pdf}},
  note = {Accessed: 2013-04-14}
}

@misc{BlockDiagram,
  title = {ATmega328 block diagram},
  howpublished = {\url{http://www.atmel.com/Images/doc8161.pdf}},
  note = {Accessed: 2013-04-14}
}