@book{citeKey1,
  title={{Form and style in thesis writing}},
  author={Campbell, W.G.},
  year={1954},
  publisher={Houghton Mifflin}
}

@article{citeKey2,
  title={{An analysis of the current state of English majors' BA thesis writing [J]}},
  author={Wenkang, S.},
  journal={Foreign Language World},
  volume={3},
  year={2004}
}
@misc{Stackoverflow:URL,
    key = {Stackoverflow},
    title = {Stack-overflow help forum Web Site},
    howpublished = {\url{http://stackoverflow.com}}
}

@misc{GitHub:URL,
    key = {Github},
    title = {{GitHub} cloud repository server, public projects},
    howpublished = {\url{http://github.com}}
}